@Online{NCBI_assembly_help,
  author  = {{National Center for Biotechnology Information}},
  title   = {Assembly Help},
  url     = {https://www.ncbi.nlm.nih.gov/assembly/help/},
  urldate = {2022-11-18},
}

@Online{GRC_assembly_terminology,
  author  = {{Gene Reference Consortium}},
  title   = {Assembly Terminology},
  url     = {https://www.ncbi.nlm.nih.gov/grc/help/definitions/},
  urldate = {2022-11-18},
}

@Book{NCBI2013,
  author    = {{National Center for Biotechnology Information}},
  date      = {2013},
  title     = {The NCBI Handbook},
  edition   = {2},
  editor    = {Jeffrey Beck and Dennis Benson and Janet Coleman and Marilu Hoeppner and Mark Johnson and Donna Maglott and Ilene Mizrachi and Rana Morris and Jim Ostell and Kim Pruitt and Wendy Rubinstein and Eric Sayers and Karl Sirotkin and Tatiana Tatusova},
  publisher = {unknown},
  url       = {https://www.ncbi.nlm.nih.gov/books/NBK143764/},
  urldate   = {2022-11-18},
}

@Online{CaetanoAnolles2022,
  author  = {Derek Caetano-Anolles},
  date    = {2022-10-01},
  title   = {Human genome reference builds - GRCh38 or hg38 - b37 - hg19},
  url     = {https://gatk.broadinstitute.org/hc/en-us/articles/360035890951-Human-genome-reference-builds-GRCh38-or-hg38-b37-hg19},
  urldate = {2022-11-18},
}

@Online{Li2017,
  author  = {Heng Li},
  date    = {2017-11-13},
  title   = {Which human reference genome to use?},
  url     = {http://lh3.github.io/2017/11/13/which-human-reference-genome-to-use},
  urldate = {2022-11-18},
}

@Article{Anderson1981,
  author    = {S. Anderson and A. T. Bankier and B. G. Barrell and M. H. L. de Bruijn and A. R. Coulson and J. Drouin and I. C. Eperon and D. P. Nierlich and B. A. Roe and F. Sanger and P. H. Schreier and A. J. H. Smith and R. Staden and I. G. Young},
  journaltitle = {Nature},
  date      = {1981-04},
  title     = {Sequence and organization of the human mitochondrial genome},
  doi       = {10.1038/290457a0},
  number    = {5806},
  pages     = {457--465},
  volume    = {290},
  journal   = {Nature},
  publisher = {Springer Science and Business Media {LLC}},
}

@Online{Minikel2013,
  author  = {Eric Vallabh Minikel},
  date    = {2013-02-01},
  title   = {The decoy genome},
  url     = {http://www.cureffi.org/2013/02/01/the-decoy-genome/},
  urldate = {2022-11-18},
}

@Online{NCBI_analysis_set,
  author = {{National Center for Biotechnology Information}},
  date   = {2022-09-02},
  title  = {README_analysis_sets.txt},
  url    = {https://ftp.ncbi.nlm.nih.gov/genomes/all/GCA/000/001/405/GCA_000001405.15_GRCh38/seqs_for_alignment_pipelines.ucsc_ids/README_analysis_sets.txt},
}

@Online{1kg_2015,
  author = {{1000 Genomes Project}},
  date   = {2015-07-13},
  title  = {README.20150309.GRCh38_full_analysis_set_plus_decoy_hla},
  url    = {http://ftp.1000genomes.ebi.ac.uk/vol1/ftp/technical/reference/GRCh38_reference_genome/README.20150309.GRCh38_full_analysis_set_plus_decoy_hla},
}

@Article{Roach2020,
  author       = {Nathan P. Roach and Norah Sadowski and Amelia F. Alessi and Winston Timp and James Taylor and John K. Kim},
  date         = {2020-02},
  journaltitle = {Genome Research},
  title        = {The full-length transcriptome of C. elegans using direct {RNA} sequencing},
  doi          = {10.1101/gr.251314.119},
  number       = {2},
  pages        = {299--312},
  volume       = {30},
  publisher    = {Cold Spring Harbor Laboratory},
}

@Comment{jabref-meta: databaseType:biblatex;}
